%% https://raw.githubusercontent.com/abntex/abntex2/master/doc/latex/abntex2/abntex2-doc-abnt-6023.bib
%% Modificado 31-07-2015, Youssef Cherem: remoção de maiúsculas entre chaves, como {A}.
@article{Kenoby,
 abnt-6023-2000-section = {1},
 author  ={},
 title   ={Contratação de funcionários: quais as etapas de um processo seletivo?},
 journal ={.Net},
 address ={São Paulo},
 month   =,
 year    =,
 note    ={Introdução},
 url     ={https://kenoby.com/blog/contratacao-de-funcionarios/},
 urlaccessdate={28 nov. 1998}}