%%%%%%%%%%%%%%%%%%%%%%%%%%%%%%%%%%%%%%%%%%%%%%%%%%%%%%%%%%%%%%%%%%%%%%%%%%
% Referencias bibliograficas utilizadas
% Para mais informações ver documentação do abntex2 e http://www.bibtex.org/
%%%%%%%%%%%%%%%%%%%%%%%%%%%%%%%%%%%%%%%%%%%%%%%%%%%%%%%%%%%%%%%%%%%%%%%%%%

% https://github.com/AdrianoRuseler/abntex2-modelo-experimento/blob/master/abntex2-modelo-references.bib
@misc{marianadias,
	Author = {Mariana Dias},
	Date-Added = {2020-05-17 21:39:21 +0000},
	Date-Modified = {2020-09-17 21:39:21 +0000},
	Howpublished = {Blog Gupy},
	Title = {Recrutamento e Seleção: o que é, técnicas, processos e mais!},
	Url = {https://www.gupy.io/blog/recrutamento-e-selecao},
	Urlaccessdate = {16 set 2020},
	Year = {2020},
	}